@Article{IK111,
  author 		= 	{Ievgen Khvedchenia},
  title 		= 	{Comparison of the {OpenCV's}feature detection algorithms},
  year 			= 	{dostęp z dnia 11.06.2012},
  journal 		= 	{http://computer-vision-talks.com/2011/01/comparison-of-the-opencvs-feature-detection-algorithms-2/}
}

@Article{IK112,
  author 		= 	{Ievgen Khvedchenia},
  title 		= 	{Comparison of the {OpenCV's} feature detection algorithms 2},
  year 			= 	{dostęp z dnia 11.06.2012},
  journal 		= 	{http://computer-vision-talks.com/2011/07/comparison-of-the-opencvs-feature-detection-algorithms-ii/}
}

@Article{MS05,
  author		= 	{Krystian Mikolajczyk and Cordelia Schmid},
  title			= 	{A performance evaluation of local descriptors},
  journal		=	{IEEE Transactions on Pattern Analysis \& Machine Intelligence},
  number		= 	{10},
  volume		=	{27},
  pages			= 	{1615--1630},
  year			= 	{2005},
  keywords		= 	{LEAR, LAVA},
  url			= 	{http://lear.inrialpes.fr/pubs/2005/MS05}
}

@Article{ DGL04,
  author       = 	{David G. Lowe},
  title        =	{Distinctive image features from scale-invariant keypoints},
  journal      = 	{International Journal of Computer Vision},
  number       = 	{2},
  volume       = 	{60},
  pages        = 	{91-110},
  year         = 	{2004}
}

@Article{HB08,
  author		= 	{Herbert Bay and Andreas Ess and Tinne Tuytelaars and Luc Van Gool},
  title 		= 	{SURF: Speeded Up Robust Features},
  journal 		= 	{Computer Vision and Image Understanding},
  year 			= 	{2008},
  OPTvolume 	= 	{110},
  OPTnumber 	= 	{3},
  OPTpages 		= 	{346--359}
}


@Book{Korohoda,
  author 		= 	{Ryszard Tadeusiewicz and Przemysław Korohoda},
  title 		= 	{Komputerowa analiza i przetwarzanie obrazów},
  publisher 	= 	{Wydawnictwo Fundacji Postępu Telekomunikacji},
  year 			= 	{1997},
  address 		= 	{Kraków}
}

@InProceedings{DGL99,
  author 		= 	{David G. Lowe},
  title 		= 	{Object recognition from local scale-invariant features},
  booktitle 	= 	{Proceedings of the International Conference on Computer Vision},
  OPTpages 		= 	{1150–1157},
  year 			= 	{1999}
}

@PhdThesis{HB06,
  author 		= 	{Herbert Bay},
  title 		= 	{From wide-baseline point and line correspondences to 3D},
  school 		= 	{Eidgenössische Technische Hochschule (ETH) Zürich},
  year 			= 	{2006}
}

@inproceedings{rosten_2006_machine,
  title			=    {Machine learning for high-speed corner detection},
  author		=    {Edward Rosten and Tom Drummond},
  year			=    {2006},
  month			=    {Maj},
  pages			=    {430--443},
  volume		=    {1},
  doi			=    {10.1007/11744023_34},
  booktitle		=    {European Conference on Computer Vision},
  notes			=    {Poster presentation},
  url			=    {http://edwardrosten.com/work/rosten_2006_machine.pdf}
}

@Article{rosten_2008_faster,
  title			=    {FASTER and better: A machine learning approach to corner detection},
  author		=    {Edward Rosten and Reid Porter and Tom Drummond},
  year			=    {2010},
  journal		=    {IEEE Trans. Pattern Analysis and Machine Intelligence},
  pages			=    {105--119},
  volume		=    {32},
  doi			=    {10.1109/TPAMI.2008.275},
  eprint		=    {arXiv:0810.2434 [cs.CV]},
  url			=    {http://lanl.arXiv.org/pdf/0810.2434}
}

@InProceedings{HIS88,
  author		=	{C Harris and M Stephens},
  title			=  	{A combined corner and edge detector},
  booktitle		= 	{Proceedings of Fourth Alvey Vision Conference},
  OPTpages		= 	{147-151},
  OPTaddress 	= 	{Manchester, UK},
  year 			= 	{1988}
}

@TechReport{ORB11,
  author       	= 	{Ethan Rublee and Vincent Rabaud and Kurt Konolige and Gary Bradski},
  title        	= 	{ORB: an efficient alternative to SIFT or SURF},
  institution 	= 	{Willow Garage},
  year 			= 	{2011},
  address 		= 	{Menlo Park, California}
}


@inproceedings{LIFDAS,
  author 		= 	{Tinne Tuytellars and Krystian Mikolajczyk},
  title 		= 	{Local Invariant Feature Detectors: A Survey},
  booktitle   	= 	{Foundations and Trends® in Computer Graphics and Vision},
  year 			= 	{2007},
  volume 		= 	{3},
  OPTnumber 	= 	{3},
  pages 		= 	{177-280}
}

@inproceedings{CENS,
  title       	=   {CenSurE: Center Surround Extremas for realtime feature detection and matching.},
  author      	=  	{M. Agrawal and K. Konolige and M. R. Blas},
  year       	=   {2008},
  pages       	=   {102-115},
  volume     	=   {4},
  booktitle   	=	{European Conference on Computer Vision}
}

@Article{STAR,
  author 		= 	{Ievgen Khvedchenia},
  title 		= 	{Comparison of the {OpenCV's} feature detection algorithms 2},
  year 			= 	{dostęp z dnia 11.06.2012},
  journal 		= 	{http://computer-vision-talks.com/2011/07/comparison-of-the-opencvs-feature-detection-algorithms-ii/}
}

@inproceedings {B1, 
  author 		= 	{M. Calonder, V. Lepetit, C. Strecha, and P. Fua},
  title 		= 	{BRIEF: Binary Robust Independent Elementary Features},
  booktitle		= 	{European Conference on Computer Vision},
  year 			= 	{2010},
  address 		= 	{Heraklion, Greece}
}

@article {B2,
  author     	= 	{M. Calonder and V. Lepetit and M. Ozuysal and T. Trzcinski and C. Strecha and P. Fua},
  title     	= 	{BRIEF: Computing a Local Binary Descriptor Very Fast},
  year 			= 	{2012},
  journal   	= 	{IEEE Transactions on Pattern Analysis and Machine Intelligence}
}









